@String(PAMI = {IEEE Trans. Pattern Anal. Mach. Intell.})
@String(IJCV = {Int. J. Comput. Vis.})
@String(CVPR= {IEEE Conf. Comput. Vis. Pattern Recog.})
@String(ICCV= {Int. Conf. Comput. Vis.})
@String(ECCV= {Eur. Conf. Comput. Vis.})
@String(NIPS= {Adv. Neural Inform. Process. Syst.})
@String(ICPR = {Int. Conf. Pattern Recog.})
@String(BMVC= {Brit. Mach. Vis. Conf.})
@String(TOG= {ACM Trans. Graph.})
@String(TIP  = {IEEE Trans. Image Process.})
@String(TVCG  = {IEEE Trans. Vis. Comput. Graph.})
@String(TMM  = {IEEE Trans. Multimedia})
@String(ACMMM= {ACM Int. Conf. Multimedia})
@String(ICME = {Int. Conf. Multimedia and Expo})
@String(ICASSP=	{ICASSP})
@String(ICIP = {IEEE Int. Conf. Image Process.})
@String(ACCV  = {ACCV})
@String(ICLR = {Int. Conf. Learn. Represent.})
@String(IJCAI = {IJCAI})
@String(PR   = {Pattern Recognition})
@String(AAAI = {AAAI})
@String(CVPRW= {IEEE Conf. Comput. Vis. Pattern Recog. Worksh.})
@String(CSVT = {IEEE Trans. Circuit Syst. Video Technol.})

@String(SPL	= {IEEE Sign. Process. Letters})
@String(VR   = {Vis. Res.})
@String(JOV	 = {J. Vis.})
@String(TVC  = {The Vis. Comput.})
@String(JCST  = {J. Comput. Sci. Tech.})
@String(CGF  = {Comput. Graph. Forum})
@String(CVM = {Computational Visual Media})


@String(PAMI  = {IEEE TPAMI})
@String(IJCV  = {IJCV})
@String(CVPR  = {CVPR})
@String(ICCV  = {ICCV})
@String(ECCV  = {ECCV})
@String(NIPS  = {NeurIPS})
@String(ICPR  = {ICPR})
@String(BMVC  =	{BMVC})
@String(TOG   = {ACM TOG})
@String(TIP   = {IEEE TIP})
@String(TVCG  = {IEEE TVCG})
@String(TCSVT = {IEEE TCSVT})
@String(TMM   =	{IEEE TMM})
@String(ACMMM = {ACM MM})
@String(ICME  =	{ICME})
@String(ICASSP=	{ICASSP})
@String(ICIP  = {ICIP})
@String(ACCV  = {ACCV})
@String(ICLR  = {ICLR})
@String(IJCAI = {IJCAI})
@String(PR = {PR})
@String(AAAI = {AAAI})
@String(CVPRW= {CVPRW})
@String(CSVT = {IEEE TCSVT})

@article{mannstein,
  title={Operational detection of contrails from NOAA-AVHRR-data},
  author={Mannstein, Hermann and Meyer, Richard and Wendling, Peter},
  journal={International Journal of Remote Sensing},
  volume={20},
  number={8},
  pages={1641--1660},
  year={1999},
  publisher={Taylor \& Francis}
}


@article{warm,
  title={Mitigating the climate forcing of aircraft contrails by small-scale diversions and technology adoption},
  author={Teoh, Roger and Schumann, Ulrich and Majumdar, Arnab and Stettler, Marc EJ},
  journal={Environmental science \& technology},
  volume={54},
  number={5},
  pages={2941--2950},
  year={2020},
  publisher={ACS Publications}
}

@inproceedings{persist,
  title={Simulating the global atmospheric response to aircraft water vapour emissions and contrails-A first approach using a GCM},
  author={Ponater, MICHAEL and Brinkop, SABINE and Sausen, ROBERT and Schumann, ULRICH},
  booktitle={Annales Geophysicae},
  volume={14},
  pages={941--960},
  year={1996}
}


@article{vazquez2010automatic,
  title={An automatic contrail tracking algorithm},
  author={Vazquez-Navarro, Mannstein and Mannstein, H and Mayer, Bernhard},
  journal={Atmospheric Measurement Techniques},
  volume={3},
  number={4},
  pages={1089--1101},
  year={2010},
  publisher={Copernicus Publications G{\"o}ttingen, Germany}
}

